@online{laravel-nova,
    author = {Laravel LLC (Taylor Otwell and David Hemphill)},
    title = {Laravel Nova Website},
    urldate = {2022-10-23},
    url = {https://nova.laravel.com},
}

@online{laravel-nova-docs,
    author = {Laravel LLC (Taylor Otwell and David Hemphill)},
    title = {Laravel Nova Docs},
    urldate = {2022-10-23},
    url = {https://nova.laravel.com/docs/4.0},
}

@book{laravel-up-and-running,
    author = {Matt Stauffer},
    title = {Laravel: Up & Running: A Framework for Building Modern PHP Apps},
    date = {April 2019},
}

@online{kiwis,
    author = {Christian Kiewaldt & Benjamin Braun GbR},
    title = {KIWIS & BROWNIES Website},
    urldate = {2022-10-23},
    url = {https://kiwis-and-brownies.de},
}

@online{graw,
    author = {Graw Radiosondes GmbH & Co. KG},
    title = {GRAW Radiosondes Website},
    urldate = {2022-10-23},
    url = {url},
}

@online{crud,
    author = {Maryam Sulemani},
    title = {CRUD operations explained: Create, read, update, delete},
    date = {2021-04-07},
    urldate = {2022-10-23},
    url = {https://www.educative.io/blog/crud-operations},
}
